@article {SchreiederQuadric,
    AUTHOR = {Schreieder, Stefan},
     TITLE = {On the rationality problem for quadric bundles},
   JOURNAL = {Duke Math. J.},
  FJOURNAL = {Duke Mathematical Journal},
    VOLUME = {168},
      YEAR = {2019},
    NUMBER = {2},
     PAGES = {187--223},
      ISSN = {0012-7094},
   MRCLASS = {14E08 (14D06 14J35 14M20)},
  MRNUMBER = {3909896},
MRREVIEWER = {Andreas H\"{o}ring},
       DOI = {10.1215/00127094-2018-0041},
       URL = {https://doi.org/10.1215/00127094-2018-0041},
}

@article {Tot16,
    AUTHOR = {Totaro, Burt},
     TITLE = {Hypersurfaces that are not stably rational},
   JOURNAL = {J. Amer. Math. Soc.},
  FJOURNAL = {Journal of the American Mathematical Society},
    VOLUME = {29},
      YEAR = {2016},
    NUMBER = {3},
     PAGES = {883--891},
      ISSN = {0894-0347},
   MRCLASS = {14E08 (14J45 14J70)},
  MRNUMBER = {3486175},
MRREVIEWER = {Andreas H\"{o}ring},
       DOI = {10.1090/jams/840},
       URL = {https://doi.org/10.1090/jams/840},
}

@article {SchreiederTorsionOrders,
    AUTHOR = {Schreieder, Stefan},
     TITLE = {Torsion orders of {F}ano hypersurfaces},
   JOURNAL = {Algebra Number Theory},
  FJOURNAL = {Algebra \& Number Theory},
    VOLUME = {15},
      YEAR = {2021},
    NUMBER = {1},
     PAGES = {241--270},
      ISSN = {1937-0652},
   MRCLASS = {14J70 (14C25 14E08 14M20)},
  MRNUMBER = {4226988},
       DOI = {10.2140/ant.2021.15.241},
       URL = {https://doi.org/10.2140/ant.2021.15.241},
}

@article {Mer08,
    AUTHOR = {Merkurjev, Alexander},
     TITLE = {Unramified elements in cycle modules},
   JOURNAL = {J. Lond. Math. Soc. (2)},
  FJOURNAL = {Journal of the London Mathematical Society. Second Series},
    VOLUME = {78},
      YEAR = {2008},
    NUMBER = {1},
     PAGES = {51--64},
      ISSN = {0024-6107},
   MRCLASS = {14C35 (14C25 14E05 19D45)},
  MRNUMBER = {2427051},
MRREVIEWER = {Yuichiro Takeda},
       DOI = {10.1112/jlms/jdn011},
       URL = {https://doi.org/10.1112/jlms/jdn011},
}

@article {deJ96,
    AUTHOR = {de Jong, A. J.},
     TITLE = {Smoothness, semi-stability and alterations},
   JOURNAL = {Inst. Hautes \'{E}tudes Sci. Publ. Math.},
  FJOURNAL = {Institut des Hautes \'{E}tudes Scientifiques. Publications
              Math\'{e}matiques},
    NUMBER = {83},
      YEAR = {1996},
     PAGES = {51--93},
      ISSN = {0073-8301},
   MRCLASS = {14E15 (14B05 14H10)},
  MRNUMBER = {1423020},
MRREVIEWER = {Marko Roczen},
       URL = {http://www.numdam.org/item?id=PMIHES_1996__83__51_0},
}

@article {Tem17,
    AUTHOR = {Temkin, Michael},
     TITLE = {Tame distillation and desingularization by {$p$}-alterations},
   JOURNAL = {Ann. of Math. (2)},
  FJOURNAL = {Annals of Mathematics. Second Series},
    VOLUME = {186},
      YEAR = {2017},
    NUMBER = {1},
     PAGES = {97--126},
      ISSN = {0003-486X},
   MRCLASS = {14E15 (12J10 14E22)},
  MRNUMBER = {3665001},
MRREVIEWER = {Christian Liedtke},
       DOI = {10.4007/annals.2017.186.1.3},
       URL = {https://doi.org/10.4007/annals.2017.186.1.3},
}


@article {BO74,
    AUTHOR = {Bloch, Spencer and Ogus, Arthur},
     TITLE = {Gersten's conjecture and the homology of schemes},
   JOURNAL = {Ann. Sci. \'{E}cole Norm. Sup. (4)},
  FJOURNAL = {Annales Scientifiques de l'\'{E}cole Normale Sup\'{e}rieure. Quatri\`eme
              S\'{e}rie},
    VOLUME = {7},
      YEAR = {1974},
     PAGES = {181--201 (1975)},
      ISSN = {0012-9593},
   MRCLASS = {14F15 (14C10 14F20)},
  MRNUMBER = {412191},
MRREVIEWER = {J.-P. Jouanolou},
       URL = {http://www.numdam.org/item?id=ASENS_1974_4_7_2_181_0},
}

@incollection {IT14,
    AUTHOR = {Illusie, Luc and Temkin, Michael},
     TITLE = {Expos\'{e} {X}. {G}abber's modification theorem (log smooth case)},
      NOTE = {Travaux de Gabber sur l'uniformisation locale et la
              cohomologie \'{e}tale des sch\'{e}mas quasi-excellents},
   JOURNAL = {Ast\'{e}risque},
  FJOURNAL = {Ast\'{e}risque},
    NUMBER = {363-364},
      YEAR = {2014},
     PAGES = {167--212},
      ISSN = {0303-1179},
      ISBN = {978-2-85629-790-2},
   MRCLASS = {14E15 (14L30)},
  MRNUMBER = {3329779},
}

@book {FultonIntersectionTheory,
    AUTHOR = {Fulton, William},
     TITLE = {Intersection theory},
    SERIES = {Ergebnisse der Mathematik und ihrer Grenzgebiete. 3. Folge. A
              Series of Modern Surveys in Mathematics [Results in
              Mathematics and Related Areas. 3rd Series. A Series of Modern
              Surveys in Mathematics]},
    VOLUME = {2},
   EDITION = {Second},
 PUBLISHER = {Springer-Verlag, Berlin},
      YEAR = {1998},
     PAGES = {xiv+470},
      ISBN = {3-540-62046-X},
   MRCLASS = {14C17 (14-02)},
  MRNUMBER = {1644323},
       DOI = {10.1007/978-1-4612-1700-8},
       URL = {https://doi.org/10.1007/978-1-4612-1700-8},
}



@incollection {CT95,
    AUTHOR = {Colliot-Th\'{e}l\`ene, J.-L.},
     TITLE = {Birational invariants, purity and the {G}ersten conjecture},
 BOOKTITLE = {{$K$}-theory and algebraic geometry: connections with
              quadratic forms and division algebras ({S}anta {B}arbara,
              {CA}, 1992)},
    SERIES = {Proc. Sympos. Pure Math.},
    VOLUME = {58},
     PAGES = {1--64},
 PUBLISHER = {Amer. Math. Soc., Providence, RI},
      YEAR = {1995},
   MRCLASS = {14F20 (14C25)},
  MRNUMBER = {1327280},
MRREVIEWER = {Luca Barbieri Viale},
}



@book {CTS21,
    AUTHOR = {Colliot-Th\'{e}l\`ene, Jean-Louis and Skorobogatov, Alexei N.},
     TITLE = {The {B}rauer-{G}rothendieck group},
    SERIES = {Ergebnisse der Mathematik und ihrer Grenzgebiete. 3. Folge. A
              Series of Modern Surveys in Mathematics [Results in
              Mathematics and Related Areas. 3rd Series. A Series of Modern
              Surveys in Mathematics]},
    VOLUME = 71,
 PUBLISHER = {Springer},
      YEAR = {2021},
     PAGES = {xv+453},
      ISBN = {978-3-030-74247-8},
   MRCLASS = {14F22 (14E08 14G05 14G12 14K05)},
  MRNUMBER = 4304038,
}


@article {ChatzistamatiouLevine,
    AUTHOR = {Chatzistamatiou, Andre and Levine, Marc},
     TITLE = {Torsion orders of complete intersections},
   JOURNAL = {Algebra Number Theory},
  FJOURNAL = {Algebra \& Number Theory},
    VOLUME = {11},
      YEAR = {2017},
    NUMBER = {8},
     PAGES = {1779--1835},
      ISSN = {1937-0652},
   MRCLASS = {14C25},
  MRNUMBER = {3720932},
MRREVIEWER = {Alberto Collino},
       DOI = {10.2140/ant.2017.11.1779},
       URL = {https://doi.org/10.2140/ant.2017.11.1779},
}

@misc{BraunePhD,
      title={Irrational Complete Intersections},
      author={Lucas Braune},
      year={2019},
      eprint={1909.05723},
      archivePrefix={arXiv},
      primaryClass={math.AG}
}
