@article {TihFanoSurface,
    AUTHOR = {Tihomirov, A. S.},
     TITLE = {Geometry of the {F}ano surface of a double {${\bf P}^{3}$}
              branched in a quartic},
   JOURNAL = {Izv. Akad. Nauk SSSR Ser. Mat.},
  FJOURNAL = {Izvestiya Akademii Nauk SSSR. Seriya Matematicheskaya},
    VOLUME = {44},
      YEAR = {1980},
    NUMBER = {2},
     PAGES = {415--442, 479},
      ISSN = {0373-2436},
   MRCLASS = {14J25 (14J30 14K30)},
  MRNUMBER = {571103},
MRREVIEWER = {Werner Kleinert},
}



@book {VoisinHodgeTheory2,
    AUTHOR = {Voisin, Claire},
     TITLE = {Hodge theory and complex algebraic geometry. {II}},
    SERIES = {Cambridge Studies in Advanced Mathematics},
    VOLUME = {77},
   EDITION = {English},
      NOTE = {Translated from the French by Leila Schneps},
 PUBLISHER = {Cambridge University Press, Cambridge},
      YEAR = {2007},
     PAGES = {x+351},
      ISBN = {978-0-521-71802-8},
   MRCLASS = {32J25 (14C30 14D07 32G20)},
  MRNUMBER = {2449178},
}

@book {BlochLectures,
    AUTHOR = {Bloch, Spencer},
     TITLE = {Lectures on algebraic cycles},
    SERIES = {Duke University Mathematics Series, IV},
 PUBLISHER = {Duke University, Mathematics Department, Durham, N.C.},
      YEAR = {1980},
     PAGES = {182 pp. (not consecutively paged)},
   MRCLASS = {14Cxx (14G10 18F25)},
  MRNUMBER = {558224},
MRREVIEWER = {V. V. Shokurov},
}

@book {Harris95,
    AUTHOR = {Harris, Joe},
     TITLE = {Algebraic geometry. A first Course},
    SERIES = {Graduate Texts in Mathematics},
    VOLUME = {133},
      NOTE = {Corrected reprint of the 1992 original},
 PUBLISHER = {Springer-Verlag, New York},
      YEAR = {1995},
     PAGES = {xx+328},
      ISBN = {0-387-97716-3},
   MRCLASS = {14-01},
  MRNUMBER = {1416564},
}

@article {ShimadaCylinderCI,
    AUTHOR = {Shimada, Ichiro},
     TITLE = {On the cylinder homomorphisms of {F}ano complete
              intersections},
   JOURNAL = {J. Math. Soc. Japan},
  FJOURNAL = {Journal of the Mathematical Society of Japan},
    VOLUME = {42},
      YEAR = {1990},
    NUMBER = {4},
     PAGES = {719--738},
      ISSN = {0025-5645},
   MRCLASS = {14J45 (14F45 14K30 14M10)},
  MRNUMBER = {1069854},
MRREVIEWER = {Jaros\l aw A. Wi\'{s}niewski},
       DOI = {10.2969/jmsj/04240719},
       URL = {https://doi.org/10.2969/jmsj/04240719},
}

@book {SernesiDeformation,
    AUTHOR = {Sernesi, Edoardo},
     TITLE = {Deformations of algebraic schemes},
    SERIES = {Grundlehren der mathematischen Wissenschaften [Fundamental
              Principles of Mathematical Sciences]},
    VOLUME = {334},
 PUBLISHER = {Springer-Verlag, Berlin},
      YEAR = {2006},
     PAGES = {xii+339},
      ISBN = {978-3-540-30608-5},
   MRCLASS = {14D15 (14B05 14B10 14B12 14B20 14B25 14D20)},
  MRNUMBER = {2247603},
MRREVIEWER = {Marko Roczen},
}

@misc{CilibertoLinesConics,
  doi = {10.48550/ARXIV.1910.11423},
  
  url = {https://arxiv.org/abs/1910.11423},
  
  author = {Ciliberto, Ciro and Zaidenberg, Mikhail},
  
  keywords = {Algebraic Geometry (math.AG), FOS: Mathematics, FOS: Mathematics, 14H45, 14N10, 14N25, 14J26, 14J28, 14Q05, 14Q10},
  
  title = {Lines, conics, and all that},
  
  publisher = {arXiv},
  
  year = {2019},
  
  copyright = {arXiv.org perpetual, non-exclusive license}
}

@article {CeresaVerraAbelJacobi,
    AUTHOR = {Ceresa, Giuseppe and Verra, Alessandro},
     TITLE = {The {A}bel-{J}acobi isomorphism for the sextic double solid},
   JOURNAL = {Pacific J. Math.},
  FJOURNAL = {Pacific Journal of Mathematics},
    VOLUME = {124},
      YEAR = {1986},
    NUMBER = {1},
     PAGES = {85--105},
      ISSN = {0030-8730},
   MRCLASS = {14J30 (14C30 14K30)},
  MRNUMBER = {850668},
MRREVIEWER = {James D. Lewis},
       URL = {http://projecteuclid.org/euclid.pjm/1102700680},
}

@article {DeligneHodgeTheory,
    AUTHOR = {Deligne, Pierre},
     TITLE = {Th\'{e}orie de {H}odge. {II}},
   JOURNAL = {Inst. Hautes \'{E}tudes Sci. Publ. Math.},
  FJOURNAL = {Institut des Hautes \'{E}tudes Scientifiques. Publications
              Math\'{e}matiques},
    NUMBER = {40},
      YEAR = {1971},
     PAGES = {5--57},
      ISSN = {0073-8301},
   MRCLASS = {14C30 (14F15)},
  MRNUMBER = {498551},
MRREVIEWER = {J. H. M. Steenbrink},
       URL = {http://www.numdam.org/item?id=PMIHES_1971__40__5_0},
}

@article {BarthVandeVenFano,
    AUTHOR = {Barth, W. and Van de Ven, A.},
     TITLE = {Fano varieties of lines on hypersurfaces},
   JOURNAL = {Arch. Math. (Basel)},
  FJOURNAL = {Archiv der Mathematik},
    VOLUME = {31},
      YEAR = {1978},
    NUMBER = {1},
     PAGES = {96--104},
      ISSN = {0003-889X},
   MRCLASS = {14C05 (14M99)},
  MRNUMBER = {510081},
MRREVIEWER = {Allen B. Altman},
       DOI = {10.1007/BF01226420},
       URL = {https://doi.org/10.1007/BF01226420},
}


@article {BeauvilleSextic,
    AUTHOR = {Beauville, Arnaud},
     TITLE = {A very general sextic double solid is not stably rational},
   JOURNAL = {Bull. Lond. Math. Soc.},
  FJOURNAL = {Bulletin of the London Mathematical Society},
    VOLUME = {48},
      YEAR = {2016},
    NUMBER = {2},
     PAGES = {321--324},
      ISSN = {0024-6093},
   MRCLASS = {14E20 (14E08 14M20)},
  MRNUMBER = {3483069},
MRREVIEWER = {Zhiyu Tian},
       DOI = {10.1112/blms/bdv098},
       URL = {https://doi.org/10.1112/blms/bdv098},
}

@Misc{Macaulay2,
    author = {Grayson, Daniel R. and Stillman, Michael E.},
    title = {Macaulay2, a software system for research in algebraic geometry},
    howpublished = {Available at \url{http://www.math.uiuc.edu/Macaulay2/}}
}

@book{HuybrechtsComplexGeometry,
  TITLE={Complex geometry: an introduction},
  AUTHOR={Huybrechts, Daniel},
  SERIES={Universitext},
  VOLUME={78},
  YEAR={2005},
  PUBLISHER={Springer-Verlag, New York-Heidelberg},
  ISBN={3-540-21290-6},
}