@book {SGA2,
    AUTHOR = {Grothendieck, Alexander},
     TITLE = {Cohomologie locale des faisceaux coh\'{e}rents et th\'{e}or\`emes de
              {L}efschetz locaux et globaux {$(SGA$} {$2)$}},
      NOTE = {Augment\'{e} d'un expos\'{e} par Mich\`ele Raynaud,
              S\'{e}minaire de G\'{e}om\'{e}trie Alg\'{e}brique du Bois-Marie, 1962,
              Advanced Studies in Pure Mathematics, Vol. 2},
 PUBLISHER = {North-Holland Publishing Co., Amsterdam; Masson \& Cie,
              Editeur, Paris},
      YEAR = {1968},
     PAGES = {vii+287},
   MRCLASS = {14B15 (14C20 14F20)},
  MRNUMBER = {0476737},
}

@article {LS89,
    AUTHOR = {Lanteri, Antonio and Struppa, Daniele C.},
     TITLE = {Topological properties of cyclic coverings branched along an
              ample divisor},
   JOURNAL = {Canad. J. Math.},
  FJOURNAL = {Canadian Journal of Mathematics. Journal Canadien de
              Math\'{e}matiques},
    VOLUME = {41},
      YEAR = {1989},
    NUMBER = {3},
     PAGES = {462--479},
      ISSN = {0008-414X},
   MRCLASS = {14F45 (14E22 32C10 57M12)},
  MRNUMBER = {1013464},
MRREVIEWER = {Jaros\l aw A. Wi\'{s}niewski},
       DOI = {10.4153/CJM-1989-021-3},
}

@article {KO,
    AUTHOR = {Kobayashi, Shoshichi and Ochiai, Takushiro},
     TITLE = {Characterizations of complex projective spaces and
              hyperquadrics},
   JOURNAL = {J. Math. Kyoto Univ.},
  FJOURNAL = {Journal of Mathematics of Kyoto University},
    VOLUME = {13},
      YEAR = {1973},
     PAGES = {31--47},
      ISSN = {0023-608X},
   MRCLASS = {32C10},
  MRNUMBER = {316745},
MRREVIEWER = {J. A. Morrow},
       DOI = {10.1215/kjm/1250523432},
       URL = {https://doi.org/10.1215/kjm/1250523432},
}


@incollection {FP,
    AUTHOR = {Fulton, W. and Pandharipande, R.},
     TITLE = {Notes on stable maps and quantum cohomology},
 BOOKTITLE = {Algebraic geometry---{S}anta {C}ruz 1995},
    SERIES = {Proc. Sympos. Pure Math.},
    VOLUME = {62},
     PAGES = {45--96},
 PUBLISHER = {Amer. Math. Soc., Providence, RI},
      YEAR = {1997},
   MRCLASS = {14H10 (14E99 14N10)},
  MRNUMBER = {1492534},
MRREVIEWER = {Alexandre I. Kabanov},
       DOI = {10.1090/pspum/062.2/1492534},
       URL = {https://doi.org/10.1090/pspum/062.2/1492534},
}
		
@misc{MP,
  doi = {10.48550/ARXIV.1711.09987},
  url = {https://arxiv.org/abs/1711.09987},
  author = {Minoccheri, Cristian and Pan, Xuanyu},
  keywords = {Algebraic Geometry (math.AG), FOS: Mathematics, FOS: Mathematics},
  title = {1-Cycles on Fano varieties},
  publisher = {arXiv},
  year = 2017,
  copyright = {arXiv.org perpetual, non-exclusive license}
}

@article {TZ,
    AUTHOR = {Tian, Zhiyu and Zong, Hong R.},
     TITLE = {One-cycles on rationally connected varieties},
   JOURNAL = {Compos. Math.},
  FJOURNAL = {Compositio Mathematica},
    VOLUME = {150},
      YEAR = {2014},
    NUMBER = {3},
     PAGES = {396--408},
      ISSN = {0010-437X},
   MRCLASS = {14M22 (14C15 14C25 14M10)},
  MRNUMBER = {3187624},
MRREVIEWER = {Dmitry Kerner},
       DOI = {10.1112/S0010437X13007549},
       URL = {https://doi.org/10.1112/S0010437X13007549},
}
