@article {Cas03,
    AUTHOR = {Casagrande, Cinzia},
     TITLE = {Contractible classes in toric varieties},
   JOURNAL = {Math. Z.},
  FJOURNAL = {Mathematische Zeitschrift},
    VOLUME = {243},
      YEAR = {2003},
    NUMBER = {1},
     PAGES = {99--126},
      ISSN = {0025-5874},
   MRCLASS = {14M25 (14C25 14E30)},
  MRNUMBER = {1953051},
MRREVIEWER = {Evgeny Materov},
}



@incollection {Bor91,
    AUTHOR = {Borcea, Ciprian},
     TITLE = {Homogeneous vector bundles and families of {C}alabi-{Y}au
              threefolds. {II}},
 BOOKTITLE = {Several complex variables and complex geometry, {P}art 2
              ({S}anta {C}ruz, {CA}, 1989)},
    SERIES = {Proc. Sympos. Pure Math.},
    VOLUME = {52},
     PAGES = {83--91},
 PUBLISHER = {Amer. Math. Soc., Providence, RI},
      YEAR = {1991},
   MRCLASS = {14J30 (14J10 14M17 32J17)},
  MRNUMBER = {1128537},
MRREVIEWER = {Bruce Hunt},
}



@book {EH16,
    AUTHOR = {Eisenbud, David and Harris, Joe},
     TITLE = {3264 and all that---a second course in algebraic geometry},
 PUBLISHER = {Cambridge University Press, Cambridge},
      YEAR = {2016},
     PAGES = {xiv+616},
      ISBN = {978-1-107-60272-4; 978-1-107-01708-5},
   MRCLASS = {14-01 (14C15 14M15 14N10)},
  MRNUMBER = {3617981},
MRREVIEWER = {Arnaud Beauville},
}

@incollection {Voi06,
    AUTHOR = {Voisin, Claire},
     TITLE = {On integral {H}odge classes on uniruled or {C}alabi-{Y}au
              threefolds},
 BOOKTITLE = {Moduli spaces and arithmetic geometry},
    SERIES = {Adv. Stud. Pure Math.},
    VOLUME = {45},
     PAGES = {43--73},
 PUBLIBHER = {Math. Soc. Japan, Tokyo},
      YEAR = {2006},
   MRCLASS = {14J32 (14C25 14C30)},
  MRNUMBER = {2306166},
MRREVIEWER = {James D. Lewis},
}

@article {Wis91,
    AUTHOR = {Wi\'{s}niewski, Jaros\l aw A.},
     TITLE = {On contractions of extremal rays of {F}ano manifolds},
   JOURNAL = {J. Reine Angew. Math.},
  FJOURNAL = {Journal f\"{u}r die Reine und Angewandte Mathematik. [Crelle's
              Journal]},
    VOLUME = {417},
      YEAR = {1991},
     PAGES = {141--157},
      ISSN = {0075-4102},
   MRCLASS = {14J45 (14J40)},
  MRNUMBER = {1103910},
MRREVIEWER = {Peter Nielsen},
}

@article {Tot13,
    AUTHOR = {Totaro, Burt},
     TITLE = {On the integral {H}odge and {T}ate conjectures over a number
              field},
   JOURNAL = {Forum Math. Sigma},
  FJOURNAL = {Forum of Mathematics. Sigma},
    VOLUME = {1},
      YEAR = {2013},
     PAGES = {e4, 13},
      ISSN = {2050-5094},
   MRCLASS = {14C30 (11F80)},
  MRNUMBER = {3143715},
MRREVIEWER = {Takao Yamazaki},
}



@article {CV12,
    AUTHOR = {Colliot-Th\'{e}l\`ene, Jean-Louis and Voisin, Claire},
     TITLE = {Cohomologie non ramifi\'{e}e et conjecture de {H}odge enti\`ere},
   JOURNAL = {Duke Math. J.},
  FJOURNAL = {Duke Mathematical Journal},
    VOLUME = {161},
      YEAR = {2012},
    NUMBER = {5},
     PAGES = {735--801},
      ISSN = {0012-7094},
   MRCLASS = {14F43 (14C30 14E05)},
  MRNUMBER = {2904092},
MRREVIEWER = {Christian Schnell},
}

@book {CLS11,
    AUTHOR = {Cox, David A. and Little, John B. and Schenck, Henry K.},
     TITLE = {Toric varieties},
    SERIES = {Graduate Studies in Mathematics},
    VOLUME = {124},
 PUBLISHER = {American Mathematical Society, Providence, RI},
      YEAR = {2011},
     PAGES = {xxiv+841},
      ISBN = {978-0-8218-4819-7},
   MRCLASS = {14M25 (05A15 05E45 52B12)},
  MRNUMBER = {2810322},
MRREVIEWER = {Ivan Arzhantsev},
}

@book {Ful98,
    AUTHOR = {Fulton, William},
     TITLE = {Intersection theory},
    SERIES = {Ergebnisse der Mathematik und ihrer Grenzgebiete. 3. Folge. A
              Series of Modern Surveys in Mathematics [Results in
              Mathematics and Related Areas. 3rd Series. A Series of Modern
              Surveys in Mathematics]},
    VOLUME = {2},
   EDITION = {Second},
 PUBLISHER = {Springer-Verlag, Berlin},
      YEAR = {1998},
     PAGES = {xiv+470},
      ISBN = {3-540-62046-X; 0-387-98549-2},
   MRCLASS = {14C17 (14-02)},
  MRNUMBER = {1644323},
}

@article {JLP81,
    AUTHOR = {J\'{o}zefiak, T. and Lascoux, A. and Pragacz, P.},
     TITLE = {Classes of determinantal varieties associated with symmetric
              and skew-symmetric matrices},
   JOURNAL = {Izv. Akad. Nauk SSSR Ser. Mat.},
  FJOURNAL = {Izvestiya Akademii Nauk SSSR. Seriya Matematicheskaya},
    VOLUME = {45},
      YEAR = {1981},
    NUMBER = {3},
     PAGES = {662--673},
      ISSN = {0373-2436},
   MRCLASS = {14M12 (14C15)},
  MRNUMBER = {623355},
MRREVIEWER = {Luchezar L. Avramov},
}



@article {BG71,
    AUTHOR = {Bloch, Spencer and Gieseker, David},
     TITLE = {The positivity of the {C}hern classes of an ample vector
              bundle},
   JOURNAL = {Invent. Math.},
  FJOURNAL = {Inventiones Mathematicae},
    VOLUME = {12},
      YEAR = {1971},
     PAGES = {112--117},
      ISSN = {0020-9910},
   MRCLASS = {14F05},
  MRNUMBER = {0297773},
MRREVIEWER = {S. L. Kleiman},
}



@article {FL83,
    AUTHOR = {Fulton, William and Lazarsfeld, Robert},
     TITLE = {Positive polynomials for ample vector bundles},
   JOURNAL = {Ann. of Math. (2)},
  FJOURNAL = {Annals of Mathematics. Second Series},
    VOLUME = {118},
      YEAR = {1983},
    NUMBER = {1},
     PAGES = {35--60},
      ISSN = {0003-486X},
   MRCLASS = {14F05 (14C17)},
  MRNUMBER = {707160},
MRREVIEWER = {Allen B. Altman},
}

@article {Bat94,
    AUTHOR = {Batyrev, Victor V.},
     TITLE = {Dual polyhedra and mirror symmetry for {C}alabi-{Y}au
              hypersurfaces in toric varieties},
   JOURNAL = {J. Algebraic Geom.},
  FJOURNAL = {Journal of Algebraic Geometry},
    VOLUME = {3},
      YEAR = {1994},
    NUMBER = {3},
     PAGES = {493--535},
      ISSN = {1056-3911},
   MRCLASS = {14J32 (14M25)},
  MRNUMBER = {1269718},
MRREVIEWER = {I. Dolgachev},
}

@incollection {BK06,
    AUTHOR = {Batyrev, Victor and Kreuzer, Maximilian},
     TITLE = {Integral cohomology and mirror symmetry for {C}alabi-{Y}au
              3-folds},
 BOOKTITLE = {Mirror symmetry. {V}},
    SERIES = {AMS/IP Stud. Adv. Math.},
    VOLUME = {38},
     PAGES = {255--270},
 PUBLISHER = {Amer. Math. Soc., Providence, RI},
      YEAR = {2006},
   MRCLASS = {14J32 (14M25)},
  MRNUMBER = {2282962},
MRREVIEWER = {Bal\'{a}zs Szendr\H{o}i},
}

@proceedings {Kol90,
     TITLE = {Classification of irregular varieties},
    SERIES = {Lecture Notes in Mathematics},
    VOLUME = {1515},
 BOOKTITLE = {Proceedings of the conference held in {T}rento, {D}ecember
              17--21, 1990},
    EDITOR = {Ballico, E. and Catanese, F. and Ciliberto, C.},
      NOTE = {Minimal models and abelian varieties},
 PUBLISHER = {Springer-Verlag, Berlin},
      YEAR = {1992},
     PAGES = {vi+149},
      ISBN = {3-540-55295-2},
   MRCLASS = {14-06},
  MRNUMBER = {1180332},
       DOI = {10.1007/BFb0098332},
}

@article {AH62,
    AUTHOR = {Atiyah, M. F. and Hirzebruch, F.},
     TITLE = {Analytic cycles on complex manifolds},
   JOURNAL = {Topology},
  FJOURNAL = {Topology. An International Journal of Mathematics},
    VOLUME = {1},
      YEAR = {1962},
     PAGES = {25--45},
      ISSN = {0040-9383},
   MRCLASS = {57.60 (57.32)},
  MRNUMBER = {0145560},
MRREVIEWER = {A. Haefliger},
}
@book {Laz04II,
    AUTHOR = {Lazarsfeld, Robert},
     TITLE = {Positivity in algebraic geometry. {II}},
    SERIES = {Ergebnisse der Mathematik und ihrer Grenzgebiete. 3. Folge. A
              Series of Modern Surveys in Mathematics [Results in
              Mathematics and Related Areas. 3rd Series. A Series of Modern
              Surveys in Mathematics]},
    VOLUME = {49},
      NOTE = {Positivity for vector bundles, and multiplier ideals},
 PUBLISHER = {Springer-Verlag, Berlin},
      YEAR = {2004},
     PAGES = {xviii+385},
      ISBN = {3-540-22534-X},
   MRCLASS = {14-02 (14C20 14F05 14F17)},
  MRNUMBER = {2095472},
MRREVIEWER = {Mihnea Popa},
       DOI = {10.1007/978-3-642-18808-4},
}

@article {BO20,
    AUTHOR = {Benoist, Olivier and Ottem, John Christian},
     TITLE = {Failure of the integral {H}odge conjecture for threefolds of
              {K}odaira dimension zero},
   JOURNAL = {Comment. Math. Helv.},
  FJOURNAL = {Commentarii Mathematici Helvetici. A Journal of the Swiss
              Mathematical Society},
    VOLUME = {95},
      YEAR = {2020},
    NUMBER = {1},
     PAGES = {27--35},
      ISSN = {0010-2571},
   MRCLASS = {14C30 (14C25 14J28)},
  MRNUMBER = {4082892},
       DOI = {10.4171/cmh/479},
       URL = {https://doi.org/10.4171/cmh/479},
}


@incollection {Voi16,
    AUTHOR = {Voisin, Claire},
     TITLE = {Stable birational invariants and the {L}\"{u}roth problem},
 BOOKTITLE = {Surveys in differential geometry 2016. {A}dvances in geometry
              and mathematical physics},
    SERIES = {Surv. Differ. Geom.},
    VOLUME = {21},
     PAGES = {313--342},
 PUBLISHER = {Int. Press, Somerville, MA},
      YEAR = {2016},
   MRCLASS = {14E08 (14C15)},
  MRNUMBER = {3525100},
MRREVIEWER = {Kieran G. O'Grady},
}

@article {Voi17,
    AUTHOR = {Voisin, Claire},
     TITLE = {On the universal {$\rm CH_0$} group of cubic hypersurfaces},
   JOURNAL = {J. Eur. Math. Soc. (JEMS)},
  FJOURNAL = {Journal of the European Mathematical Society (JEMS)},
    VOLUME = {19},
      YEAR = {2017},
    NUMBER = {6},
     PAGES = {1619--1653},
      ISSN = {1435-9855},
   MRCLASS = {14C15 (14E08 14M20)},
  MRNUMBER = {3646872},
MRREVIEWER = {Arnaud Beauville},
       DOI = {10.4171/JEMS/702},
}

@ARTICLE{Tot19,
       author = {{Totaro}, Burt},
        title = "{The integral Hodge conjecture for 3-folds of Kodaira dimension zero}",
      journal = {arXiv e-prints},
     keywords = {Mathematics - Algebraic Geometry, Mathematics - Number Theory, 14C30, 14F20, 14J30, 14J32},
         year = 2019,
        month = 07,
          eid = {arXiv:1907.08670},
%archivePrefix = {arXiv},
%       eprint = {1907.08670},
% primaryClass = {math.AG},
%       adsurl = {https://ui.adsabs.harvard.edu/abs/2019arXiv190708670T},
      adsnote = {Provided by the SAO/NASA Astrophysics Data System}
}




@book {McD98,
    AUTHOR = {Macdonald, I. G.},
     TITLE = {Symmetric functions and {H}all polynomials},
    SERIES = {Oxford Classic Texts in the Physical Sciences},
   EDITION = {Second},
 PUBLISHER = {The Clarendon Press, Oxford University Press, New York},
      YEAR = {2015},
     PAGES = {xii+475},
      ISBN = {978-0-19-873912-8},
   MRCLASS = {05E05 (01A75 05-02 20C30 20C33 20K01 33C80 33D80)},
  MRNUMBER = {3443860},
}

@article {CV05,
    AUTHOR = {Cordovez, Jorge and Valenzano, Mario},
     TITLE = {On the {F}ano scheme of {$k$}-planes in a projective complete
              intersection},
   JOURNAL = {Atti Accad. Sci. Torino Cl. Sci. Fis. Mat. Natur.},
  FJOURNAL = {Atti della Accademia delle Scienze di Torino. Classe di
              Scienze Fisiche, Matematiche e Naturali},
    VOLUME = {140},
      YEAR = {2006},
     PAGES = {101--112 (2007)},
      ISSN = {0001-4419},
   MRCLASS = {14J45},
  MRNUMBER = {2342877},
MRREVIEWER = {Jaros\l aw A. Wi\'{s}niewski},
}

@article {Pre48,
    AUTHOR = {Predonzan, Arno},
     TITLE = {Intorno agli {$S_k$} giacenti sulla variet\`a intersezione
              completa di pi\`u forme},
   JOURNAL = {Atti Accad. Naz. Lincei Rend. Cl. Sci. Fis. Mat. Nat. (8)},
  FJOURNAL = {Atti della Accademia Nazionale dei Lincei. Rendiconti. Classe
              di Scienze Fisiche, Matematiche e Naturali. Serie VIII},
    VOLUME = {5},
      YEAR = {1948},
     PAGES = {238--242},
      ISSN = {0392-7881},
   MRCLASS = {14.0X},
  MRNUMBER = {33105},
MRREVIEWER = {M. Piazzolla-Beloch},
}


@article {HLW02,
    AUTHOR = {Hassett, Brendan and Lin, Hui-Wen and Wang, Chin-Lung},
     TITLE = {The weak {L}efschetz principle is false for ample cones},
   JOURNAL = {Asian J. Math.},
  FJOURNAL = {Asian Journal of Mathematics},
    VOLUME = {6},
      YEAR = {2002},
    NUMBER = {1},
     PAGES = {95--99},
      ISSN = {1093-6106},
   MRCLASS = {14C20},
  MRNUMBER = {1902648},
MRREVIEWER = {Jaros\l aw A. Wi\'{s}niewski},
       DOI = {10.4310/AJM.2002.v6.n1.a5},
}
