@article {VoisinUniversalCycle,
    AUTHOR = {Voisin, Claire},
     TITLE = {Unirational threefolds with no universal codimension {$2$}
              cycle},
   JOURNAL = {Invent. Math.},
  FJOURNAL = {Inventiones Mathematicae},
    VOLUME = {201},
      YEAR = {2015},
    NUMBER = {1},
     PAGES = {207--237},
      ISSN = {0020-9910},
   MRCLASS = {14M20 (14E08 14F45 14J30 14K30)},
  MRNUMBER = {3359052},
MRREVIEWER = {M. Kh. Gizatullin},
       DOI = {10.1007/s00222-014-0551-y},
       URL = {https://doi.org/10.1007/s00222-014-0551-y},
}

@article {VoisinAbelJacobi,
    AUTHOR = {Voisin, Claire},
     TITLE = {Abel-{J}acobi map, integral {H}odge classes and decomposition
              of the diagonal},
   JOURNAL = {J. Algebraic Geom.},
  FJOURNAL = {Journal of Algebraic Geometry},
    VOLUME = {22},
      YEAR = {2013},
    NUMBER = {1},
     PAGES = {141--174},
      ISSN = {1056-3911},
   MRCLASS = {14C30 (14C15 14M22)},
  MRNUMBER = {2993050},
MRREVIEWER = {Fumio Hazama},
       DOI = {10.1090/S1056-3911-2012-00597-9},
       URL = {https://doi.org/10.1090/S1056-3911-2012-00597-9},
}

@incollection {ACTRUniversalUnramified,
    AUTHOR = {Auel, Asher and Colliot-Th\'{e}l\`ene, Jean-Louis and Parimala,
              Raman},
     TITLE = {Universal unramified cohomology of cubic fourfolds containing
              a plane},
 BOOKTITLE = {Brauer groups and obstruction problems},
    SERIES = {Progr. Math.},
    VOLUME = {320},
     PAGES = {29--55},
 PUBLISHER = {Birkh\"{a}user/Springer, Cham},
      YEAR = {2017},
   MRCLASS = {14E08 (11E20 11E88 14C25 14J35)},
  MRNUMBER = {3616006},
MRREVIEWER = {Alberto Collino},
}



@article {BSCorrespondences,
    AUTHOR = {Bloch, S. and Srinivas, V.},
     TITLE = {Remarks on correspondences and algebraic cycles},
   JOURNAL = {Amer. J. Math.},
  FJOURNAL = {American Journal of Mathematics},
    VOLUME = {105},
      YEAR = {1983},
    NUMBER = {5},
     PAGES = {1235--1253},
      ISSN = {0002-9327},
   MRCLASS = {14C25 (14C35 18F25)},
  MRNUMBER = {714776},
MRREVIEWER = {K. R. Coombes},
       DOI = {10.2307/2374341},
       URL = {https://doi.org/10.2307/2374341},
}

@book {Hartshorne,
    AUTHOR = {Hartshorne, Robin},
     TITLE = {Algebraic geometry},
    SERIES = {Graduate Texts in Mathematics, No. 52},
 PUBLISHER = {Springer-Verlag, New York-Heidelberg},
      YEAR = {1977},
     PAGES = {xvi+496},
      ISBN = {0-387-90244-9},
   MRCLASS = {14-01},
  MRNUMBER = {0463157},
MRREVIEWER = {Robert Speiser},
}

@article {IskovskikhManin,
    AUTHOR = {Iskovskih, V. A. and Manin, Ju. I.},
     TITLE = {Three-dimensional quartics and counterexamples to the {L}\"{u}roth
              problem},
   JOURNAL = {Mat. Sb. (N.S.)},
    VOLUME = {86(128)},
      YEAR = {1971},
     PAGES = {140--166},
   MRCLASS = {14J15},
  MRNUMBER = {0291172},
MRREVIEWER = {Peter Bruckmann},
}

@article {ClemensGriffiths,
    AUTHOR = {Clemens, C. Herbert and Griffiths, Phillip A.},
     TITLE = {The intermediate {J}acobian of the cubic threefold},
   JOURNAL = {Ann. of Math. (2)},
  FJOURNAL = {Annals of Mathematics. Second Series},
    VOLUME = 95,
      YEAR = 1972,
     PAGES = {281--356},
      ISSN = {0003-486X},
   MRCLASS = {14J10 (14G13 14J05 14K20 14M20 14N99)},
  MRNUMBER = 302652,
MRREVIEWER = {H. Popp},
       DOI = {10.2307/1970801},
       URL = {https://doi.org/10.2307/1970801},
}



@article {ArtinMumford,
    AUTHOR = {Artin, M. and Mumford, D.},
     TITLE = {Some elementary examples of unirational varieties which are
              not rational},
   JOURNAL = {Proc. London Math. Soc. (3)},
  FJOURNAL = {Proceedings of the London Mathematical Society. Third Series},
    VOLUME = {25},
      YEAR = {1972},
     PAGES = {75--95},
      ISSN = {0024-6115},
   MRCLASS = {14J10 (14F25)},
  MRNUMBER = {321934},
MRREVIEWER = {M. Nagata},
       DOI = {10.1112/plms/s3-25.1.75},
       URL = {https://doi.org/10.1112/plms/s3-25.1.75},
}

@article {Ballico,
    AUTHOR = {Ballico, Edoardo},
     TITLE = {Stable rationality for the variety of vector bundles over an
              algebraic curve},
   JOURNAL = {J. London Math. Soc. (2)},
  FJOURNAL = {Journal of the London Mathematical Society. Second Series},
    VOLUME = {30},
      YEAR = {1984},
    NUMBER = {1},
     PAGES = {21--26},
      ISSN = {0024-6107},
   MRCLASS = {14D22 (14F05)},
  MRNUMBER = {760869},
MRREVIEWER = {P. E. Newstead},
       DOI = {10.1112/jlms/s2-30.1.21},
       URL = {https://doi.org/10.1112/jlms/s2-30.1.21},
}

@article {KollarSchreyer,
    AUTHOR = {Koll\'{a}r, J\'{a}nos and Schreyer, Frank-Olaf},
     TITLE = {The moduli of curves is stably rational for {$g\leq 6$}},
   JOURNAL = {Duke Math. J.},
  FJOURNAL = {Duke Mathematical Journal},
    VOLUME = {51},
      YEAR = {1984},
    NUMBER = {1},
     PAGES = {239--242},
      ISSN = {0012-7094},
   MRCLASS = {14H10 (14E05 14J20)},
  MRNUMBER = {744297},
MRREVIEWER = {I. Dolgachev},
       DOI = {10.1215/S0012-7094-84-05113-5},
       URL = {https://doi.org/10.1215/S0012-7094-84-05113-5},
}



@article {BCTSSD,
    AUTHOR = {Beauville, Arnaud and Colliot-Th\'{e}l\`ene, Jean-Louis and Sansuc,
              Jean-Jacques and Swinnerton-Dyer, Peter},
     TITLE = {Vari\'{e}t\'{e}s stablement rationnelles non rationnelles},
   JOURNAL = {Ann. of Math. (2)},
  FJOURNAL = {Annals of Mathematics. Second Series},
    VOLUME = {121},
      YEAR = {1985},
    NUMBER = {2},
     PAGES = {283--318},
      ISSN = {0003-486X},
   MRCLASS = {14E05 (11J99 14G25 14J30)},
  MRNUMBER = {786350},
MRREVIEWER = {Daniel Coray},
       DOI = {10.2307/1971174},
       URL = {https://doi.org/10.2307/1971174},
}


@article {VoisinDoubleQuartic,
    AUTHOR = {Voisin, Claire},
     TITLE = {Unirational threefolds with no universal codimension {$2$}
              cycle},
   JOURNAL = {Invent. Math.},
  FJOURNAL = {Inventiones Mathematicae},
    VOLUME = {201},
      YEAR = {2015},
    NUMBER = {1},
     PAGES = {207--237},
      ISSN = {0020-9910},
   MRCLASS = {14M20 (14E08 14F45 14J30 14K30)},
  MRNUMBER = {3359052},
MRREVIEWER = {M. Kh. Gizatullin},
       DOI = {10.1007/s00222-014-0551-y},
       URL = {https://doi.org/10.1007/s00222-014-0551-y},
}

@article {KollarHypersurfaces,
    AUTHOR = {Koll\'{a}r, J\'{a}nos},
     TITLE = {Nonrational hypersurfaces},
   JOURNAL = {J. Amer. Math. Soc.},
  FJOURNAL = {Journal of the American Mathematical Society},
    VOLUME = {8},
      YEAR = {1995},
    NUMBER = {1},
     PAGES = {241--249},
      ISSN = {0894-0347},
   MRCLASS = {14E05 (14J45 14J60 14J70)},
  MRNUMBER = {1273416},
MRREVIEWER = {Alessio Corti},
       DOI = {10.2307/2152888},
       URL = {https://doi.org/10.2307/2152888},
}

@incollection{SchreiederSurvey,
  title={Unramified cohomology, algebraic cycles and rationality},
  author={Schreieder, Stefan},
  booktitle={Rationality of Varieties},
  pages={345--388},
  year={2021},
  publisher={Springer}
}

@article {HPTActa,
    AUTHOR = {Hassett, Brendan and Pirutka, Alena and Tschinkel, Yuri},
     TITLE = {Stable rationality of quadric surface bundles over surfaces},
   JOURNAL = {Acta Math.},
  FJOURNAL = {Acta Mathematica},
    VOLUME = {220},
      YEAR = {2018},
    NUMBER = {2},
     PAGES = {341--365},
      ISSN = {0001-5962},
   MRCLASS = {14E08 (14D06)},
  MRNUMBER = {3849287},
MRREVIEWER = {Andreas H\"{o}ring},
       DOI = {10.4310/ACTA.2018.v220.n2.a4},
       URL = {https://doi.org/10.4310/ACTA.2018.v220.n2.a4},
}



@article {SouleVoisin,
    AUTHOR = {Soul\'{e}, C. and Voisin, C.},
     TITLE = {Torsion cohomology classes and algebraic cycles on complex
              projective manifolds},
   JOURNAL = {Adv. Math.},
  FJOURNAL = {Advances in Mathematics},
    VOLUME = {198},
      YEAR = {2005},
    NUMBER = {1},
     PAGES = {107--127},
      ISSN = {0001-8708},
   MRCLASS = {14C25 (14C30 14C35)},
  MRNUMBER = {2183252},
MRREVIEWER = {Jan Nagel},
       DOI = {10.1016/j.aim.2004.10.022},
       URL = {https://doi.org/10.1016/j.aim.2004.10.022},
}

@article {BenoistOttemIntegralHodge,
    AUTHOR = {Benoist, Olivier and Ottem, John Christian},
     TITLE = {Failure of the integral {H}odge conjecture for threefolds of
              {K}odaira dimension zero},
   JOURNAL = {Comment. Math. Helv.},
  FJOURNAL = {Commentarii Mathematici Helvetici. A Journal of the Swiss
              Mathematical Society},
    VOLUME = {95},
      YEAR = {2020},
    NUMBER = {1},
     PAGES = {27--35},
      ISSN = {0010-2571},
   MRCLASS = {14C30 (14C25 14J28)},
  MRNUMBER = {4082892},
MRREVIEWER = {Jinxing Xu},
       DOI = {10.4171/cmh/479},
       URL = {https://doi.org/10.4171/cmh/479},
}


@book{GrothendieckBrauerIII,
  title={Le groupe de Bauer III: exemples et compl{\'e}ments},
  author={Grothendieck, Alexander},
  year=1966,
  publisher={IHES}
}

@article {OkadaCyclicCovers,
    AUTHOR = {Okada, Takuzo},
     TITLE = {Stable rationality of cyclic covers of projective spaces},
   JOURNAL = {Proc. Edinb. Math. Soc. (2)},
  FJOURNAL = {Proceedings of the Edinburgh Mathematical Society. Series II},
    VOLUME = {62},
      YEAR = {2019},
    NUMBER = {3},
     PAGES = {667--682},
      ISSN = {0013-0915},
   MRCLASS = {14E08 (14C15 14G17)},
  MRNUMBER = {3974960},
MRREVIEWER = {Carla Novelli},
       DOI = {10.1017/s0013091518000755},
       URL = {https://doi.org/10.1017/s0013091518000755},
}

@incollection {CMMDoubleCover,
    AUTHOR = {Conte, Alberto and Marchisio, Marina and Murre, Jacob P.},
     TITLE = {On unirationality of double covers of fixed degree and large
              dimension; a method of {C}iliberto},
 BOOKTITLE = {Algebraic geometry},
     PAGES = {127--140},
 PUBLISHER = {de Gruyter, Berlin},
      YEAR = {2002},
   MRCLASS = {14E08 (14J40 14M20)},
  MRNUMBER = {1954061},
MRREVIEWER = {Philippe P. Eyssidieux},
}

@article {BRHypersurface,
    AUTHOR = {Beheshti, Roya and Riedl, Eric},
     TITLE = {Linear subspaces of hypersurfaces},
   JOURNAL = {Duke Math. J.},
  FJOURNAL = {Duke Mathematical Journal},
    VOLUME = {170},
      YEAR = {2021},
    NUMBER = {10},
     PAGES = {2263--2288},
      ISSN = {0012-7094},
   MRCLASS = {14E08 (14H10)},
  MRNUMBER = {4291426},
       DOI = {10.1215/00127094-2021-0035},
       URL = {https://doi.org/10.1215/00127094-2021-0035},
}

@article {Ramero,
    AUTHOR = {Ramero, Lorenzo},
     TITLE = {Effective estimates for unirationality},
   JOURNAL = {Manuscripta Math.},
  FJOURNAL = {Manuscripta Mathematica},
    VOLUME = {68},
      YEAR = {1990},
    NUMBER = {4},
     PAGES = {435--445},
      ISSN = {0025-2611},
   MRCLASS = {14M10},
  MRNUMBER = {1068266},
MRREVIEWER = {Rafael Hernandez},
       DOI = {10.1007/BF02568776},
       URL = {https://doi.org/10.1007/BF02568776},
}

@incollection {Morin,
    AUTHOR = {Morin, Ugo},
     TITLE = {Sull'unirazionalit\`a dell'ipersuperficie algebrica di qualunque
              ordine e dimensione sufficientemente alta},
 BOOKTITLE = {Atti {S}econdo {C}ongresso {U}n. {M}at. {I}tal., {B}ologna,
              1940},
     PAGES = {298--302},
 PUBLISHER = {Edizioni Cremonese, Rome},
      YEAR = {1942},
   MRCLASS = {14.0X},
  MRNUMBER = {0020272},
MRREVIEWER = {D. Pedoe},
}

@article {HMPUnirationality,
    AUTHOR = {Harris, Joe and Mazur, Barry and Pandharipande, Rahul},
     TITLE = {Hypersurfaces of low degree},
   JOURNAL = {Duke Math. J.},
  FJOURNAL = {Duke Mathematical Journal},
    VOLUME = {95},
      YEAR = {1998},
    NUMBER = {1},
     PAGES = {125--160},
      ISSN = {0012-7094},
   MRCLASS = {14J70 (14M20 14N05)},
  MRNUMBER = {1646558},
MRREVIEWER = {Fyodor L. Zak},
       DOI = {10.1215/S0012-7094-98-09504-7},
       URL = {https://doi.org/10.1215/S0012-7094-98-09504-7},
}

@article {ColliotThelenePresqueDiagonales,
    AUTHOR = {Colliot-Th\'{e}l\`ene, Jean-Louis},
     TITLE = {{${\rm CH}_0$}-trivialit\'{e} universelle d'hypersurfaces cubiques
              presque diagonales},
   JOURNAL = {Algebr. Geom.},
  FJOURNAL = {Algebraic Geometry},
    VOLUME = {4},
      YEAR = {2017},
    NUMBER = {5},
     PAGES = {597--602},
      ISSN = {2313-1691},
   MRCLASS = {14C15 (14C25 14E08 14M20)},
  MRNUMBER = {3710057},
MRREVIEWER = {I. Dolgachev},
       DOI = {10.14231/2017-029},
       URL = {https://doi.org/10.14231/2017-029},
}

@incollection {Shepherd-Barron,
    AUTHOR = {Shepherd-Barron, Nicholas},
     TITLE = {Stably rational irrational varieties},
 BOOKTITLE = {The Fano Conference},
     PAGES = {693--700},
 PUBLISHER = {Univ. Torino, Turin},
      YEAR = {2005}
}

@article {SegreVariazioneContinua,
    AUTHOR = {Segre, Beniamino},
     TITLE = {Variazione continua ed omotopia in geometria algebrica},
   JOURNAL = {Ann. Mat. Pura Appl. (4)},
  FJOURNAL = {Annali di Matematica Pura ed Applicata. Serie Quarta},
    VOLUME = {50},
      YEAR = {1960},
     PAGES = {149--186},
      ISSN = {0003-4622},
   MRCLASS = {50.00},
  MRNUMBER = {121698},
MRREVIEWER = {A. Evyatar (Gutwirth)},
       DOI = {10.1007/BF02414510},
       URL = {https://doi.org/10.1007/BF02414510},
}

@incollection {SaltmanHomage,
    AUTHOR = {Saltman, David J.},
     TITLE = {Generic structures and field theory},
 BOOKTITLE = {Algebraists' Homage},
 PUBLISHER = {American Mathematical Society, Providence, R.I.},
      YEAR = {1982}
}

@article {Zariski58,
    AUTHOR = {Zariski, Oscar},
     TITLE = {On {C}astelnuovo's criterion of rationality
              {$p_{a}=P_{2}=0$} of an algebraic surface},
   JOURNAL = {Illinois J. Math.},
  FJOURNAL = {Illinois Journal of Mathematics},
    VOLUME = {2},
      YEAR = {1958},
     PAGES = {303--315},
      ISSN = {0019-2082},
   MRCLASS = {14.00},
  MRNUMBER = {99990},
MRREVIEWER = {J. Guerindon},
       URL = {http://projecteuclid.org/euclid.ijm/1255454536},
}

@misc{NicaiseOttem,
      title={Tropical degenerations and stable rationality},
      author={Johannes Nicaise and John Christian Ottem},
      year={2020},
      eprint={1911.06138},
      archivePrefix={arXiv},
      primaryClass={math.AG}
}

@article {TianZong,
    AUTHOR = {Tian, Zhiyu and Zong, Hong R.},
     TITLE = {One-cycles on rationally connected varieties},
   JOURNAL = {Compos. Math.},
  FJOURNAL = {Compositio Mathematica},
    VOLUME = {150},
      YEAR = {2014},
    NUMBER = {3},
     PAGES = {396--408},
      ISSN = {0010-437X},
   MRCLASS = {14M22 (14C15 14C25 14M10)},
  MRNUMBER = {3187624},
MRREVIEWER = {Dmitry Kerner},
       DOI = {10.1112/S0010437X13007549},
       URL = {https://doi.org/10.1112/S0010437X13007549},
}


@misc{PavicSchreieder,
      title={The diagonal of quartic fivefolds},
      author={Nebojsa Pavic and Stefan Schreieder},
      year={2021},
      eprint={2106.04539},
      archivePrefix={arXiv},
      primaryClass={math.AG}
}

@article {SchreiederHypersurface,
    AUTHOR = {Schreieder, Stefan},
     TITLE = {Stably irrational hypersurfaces of small slopes},
   JOURNAL = {J. Amer. Math. Soc.},
  FJOURNAL = {Journal of the American Mathematical Society},
    VOLUME = {32},
      YEAR = {2019},
    NUMBER = {4},
     PAGES = {1171--1199},
      ISSN = {0894-0347},
   MRCLASS = {14E08 (14J70 14M20)},
  MRNUMBER = {4013741},
MRREVIEWER = {Andrey S. Trepalin},
       DOI = {10.1090/jams/928},
       URL = {https://doi.org/10.1090/jams/928},
}

@incollection {MorinUnirationality,
    AUTHOR = {Morin, Ugo},
     TITLE = {Sull'unirazionalit\`a dell'ipersuperficie algebrica di qualunque
              ordine e dimensione sufficientemente alta},
 BOOKTITLE = {Atti {S}econdo {C}ongresso {U}n. {M}at. {I}tal., {B}ologna,
              1940},
     PAGES = {298--302},
 PUBLISHER = {Edizioni Cremonese, Rome},
      YEAR = {1942},
   MRCLASS = {14.0X},
  MRNUMBER = {0020272},
MRREVIEWER = {D. Pedoe},
}

@article{VoisinConiveauThreefolds,
       author = {{Voisin}, Claire},
        title = "{On the coniveau of rationally connected threefolds}",
      journal = {arXiv e-prints},
     keywords = {Mathematics - Algebraic Geometry},
         year = 2020,
        month = oct,
          eid = {arXiv:2010.05275},
        pages = {arXiv:2010.05275},
archivePrefix = {arXiv},
       eprint = {2010.05275},
 primaryClass = {math.AG},
       adsurl = {https://ui.adsabs.harvard.edu/abs/2020arXiv201005275V},
      adsnote = {Provided by the SAO/NASA Astrophysics Data System}
}

@article {ShimadaHypersurfaces,
    AUTHOR = {Shimada, Ichiro},
     TITLE = {On the cylinder isomorphism associated to the family of lines
              on a hypersurface},
   JOURNAL = {J. Fac. Sci. Univ. Tokyo Sect. IA Math.},
  FJOURNAL = {Journal of the Faculty of Science. University of Tokyo.
              Section IA. Mathematics},
    VOLUME = {37},
      YEAR = {1990},
    NUMBER = {3},
     PAGES = {703--719},
      ISSN = {0040-8980},
   MRCLASS = {14C30 (14C34 14E10)},
  MRNUMBER = {1080876},
MRREVIEWER = {James D. Lewis},
}

@article {BenoistOttemConiveau,
    AUTHOR = {Benoist, Olivier and Ottem, John Christian},
     TITLE = {Two coniveau filtrations},
   JOURNAL = {Duke Math. J.},
  FJOURNAL = {Duke Mathematical Journal},
    VOLUME = 170,
      YEAR = 2021,
    NUMBER = 12,
     PAGES = {2719--2753},
      ISSN = {0012-7094},
   MRCLASS = {14C30 (32C99)},
  MRNUMBER = 4305380,
       DOI = {10.1215/00127094-2021-0055},
       URL = {https://doi.org/10.1215/00127094-2021-0055},
}

@article {OttemSuzukiPencil,
    AUTHOR = {Ottem, John Christian and Suzuki, Fumiaki},
     TITLE = {A pencil of {E}nriques surfaces with non-algebraic integral
              {H}odge classes},
   JOURNAL = {Math. Ann.},
  FJOURNAL = {Mathematische Annalen},
    VOLUME = 377,
      YEAR = 2020,
    NUMBER = {1-2},
     PAGES = {183--197},
      ISSN = {0025-5831},
   MRCLASS = {14C25 (14C30 14J28)},
  MRNUMBER = 4099632,
MRREVIEWER = {Frank Gounelas},
       DOI = {10.1007/s00208-020-01969-8},
       URL = {https://doi.org/10.1007/s00208-020-01969-8},
}

@article{OttemSuzukiAcyclic,
  title={An $\mathcal{O}$-acyclic variety of even index},
  author={Ottem, John Christian and Suzuki, Fumiaki},
  journal={arXiv preprint arXiv:2010.06079},
  year=2020
}


@proceedings {KollarTrento,
     TITLE = {Classification of irregular varieties},
    SERIES = {Lecture Notes in Mathematics},
    VOLUME = {1515},
 BOOKTITLE = {Proceedings of the conference held in {T}rento, {D}ecember
              17--21, 1990},
    EDITOR = {Ballico, E. and Catanese, F. and Ciliberto, C.},
      NOTE = {Minimal models and abelian varieties},
 PUBLISHER = {Springer-Verlag, Berlin},
      YEAR = {1992},
     PAGES = {vi+149},
      ISBN = {3-540-55295-2},
   MRCLASS = {14-06},
  MRNUMBER = {1180332},
       DOI = {10.1007/BFb0098332},
}

@misc{MinoccheriPan,
  doi = {10.48550/ARXIV.1711.09987},
  url = {https://arxiv.org/abs/1711.09987},
  author = {Minoccheri, Cristian and Pan, Xuanyu},
  keywords = {Algebraic Geometry (math.AG), FOS: Mathematics, FOS: Mathematics},
  title = {1-Cycles on Fano varieties},
  publisher = {arXiv},
  year = 2017,
  copyright = {arXiv.org perpetual, non-exclusive license}
}

@article {Casagrande,
    AUTHOR = {Casagrande, Cinzia},
     TITLE = {Contractible classes in toric varieties},
   JOURNAL = {Math. Z.},
  FJOURNAL = {Mathematische Zeitschrift},
    VOLUME = {243},
      YEAR = {2003},
    NUMBER = {1},
     PAGES = {99--126},
      ISSN = {0025-5874},
   MRCLASS = {14M25 (14C25 14E30)},
  MRNUMBER = {1953051},
MRREVIEWER = {Evgeny Materov},
}

@article {AtiyahHirzebruch,
    AUTHOR = {Atiyah, M. F. and Hirzebruch, F.},
     TITLE = {Analytic cycles on complex manifolds},
   JOURNAL = {Topology},
  FJOURNAL = {Topology. An International Journal of Mathematics},
    VOLUME = {1},
      YEAR = {1962},
     PAGES = {25--45},
      ISSN = {0040-9383},
   MRCLASS = {57.60 (57.32)},
  MRNUMBER = {0145560},
MRREVIEWER = {A. Haefliger},
}

@incollection {VoisinLueroth,
    AUTHOR = {Voisin, Claire},
     TITLE = {Stable birational invariants and the {L}\"{u}roth problem},
 BOOKTITLE = {Surveys in differential geometry 2016. {A}dvances in geometry
              and mathematical physics},
    SERIES = {Surv. Differ. Geom.},
    VOLUME = {21},
     PAGES = {313--342},
 PUBLISHER = {Int. Press, Somerville, MA},
      YEAR = {2016},
   MRCLASS = {14E08 (14C15)},
  MRNUMBER = {3525100},
MRREVIEWER = {Kieran G. O'Grady},
}


@article {VoisinGriffithsCalabi-Yau,
    AUTHOR = {Voisin, Claire},
     TITLE = {The {G}riffiths group of a general {C}alabi-{Y}au threefold is
              not finitely generated},
   JOURNAL = {Duke Math. J.},
  FJOURNAL = {Duke Mathematical Journal},
    VOLUME = {102},
      YEAR = {2000},
    NUMBER = {1},
     PAGES = {151--186},
      ISSN = {0012-7094},
   MRCLASS = {14C25 (14C30 14J32 14K30)},
  MRNUMBER = {1741781},
MRREVIEWER = {James D. Lewis},
       DOI = {10.1215/S0012-7094-00-10216-5},
       URL = {https://doi.org/10.1215/S0012-7094-00-10216-5},
}

@article {ColliotThelenePirutka,
    AUTHOR = {Colliot-Th\'{e}l\`ene, Jean-Louis and Pirutka, Alena},
     TITLE = {Hypersurfaces quartiques de dimension 3: non-rationalit\'{e}
              stable},
   JOURNAL = {Ann. Sci. \'{E}c. Norm. Sup\'{e}r. (4)},
  FJOURNAL = {Annales Scientifiques de l'\'{E}cole Normale Sup\'{e}rieure. Quatri\`eme
              S\'{e}rie},
    VOLUME = {49},
      YEAR = {2016},
    NUMBER = {2},
     PAGES = {371--397},
      ISSN = {0012-9593},
   MRCLASS = {14G25 (14M20)},
  MRNUMBER = {3481353},
MRREVIEWER = {Abhishek Banerjee},
       DOI = {10.24033/asens.2285},
       URL = {https://doi.org/10.24033/asens.2285},
}

@incollection {VoisinDoD,
    AUTHOR = {Voisin, Claire},
     TITLE = {Birational invariants and decomposition of the diagonal},
 BOOKTITLE = {Birational geometry of hypersurfaces},
    SERIES = {Lect. Notes Unione Mat. Ital.},
    VOLUME = {26},
     PAGES = {3--71},
 PUBLISHER = {Springer, Cham},
      YEAR = {2019},
   MRCLASS = {14C15 (14E08)},
  MRNUMBER = {4401008},
       DOI = {10.1007/978-3-030-18638-8\_1},
       URL = {https://doi.org/10.1007/978-3-030-18638-8_1},
}

@article {GriffithsPeriodsRational,
    AUTHOR = {Griffiths, Phillip A.},
     TITLE = {On the periods of certain rational integrals. {I}, {II}},
   JOURNAL = {Ann. of Math. (2) 90 (1969), 460-495; ibid. (2)},
  FJOURNAL = {Annals of Mathematics. Second Series},
    VOLUME = {90},
      YEAR = {1969},
     PAGES = {496--541},
      ISSN = {0003-486X},
   MRCLASS = {14.01},
  MRNUMBER = {0260733},
MRREVIEWER = {F. Gherardelli},
       DOI = {10.2307/1970746},
       URL = {https://doi.org/10.2307/1970746},
}

@article {GriffithsPeriodsAlgebraicI,
    AUTHOR = {Griffiths, Phillip A.},
     TITLE = {Periods of integrals on algebraic manifolds. {I}.
              {C}onstruction and properties of the modular varieties},
   JOURNAL = {Amer. J. Math.},
  FJOURNAL = {American Journal of Mathematics},
    VOLUME = {90},
      YEAR = {1968},
     PAGES = {568--626},
      ISSN = {0002-9327},
   MRCLASS = {14.05},
  MRNUMBER = {229641},
MRREVIEWER = {A. H. Wallace},
       DOI = {10.2307/2373545},
       URL = {https://doi.org/10.2307/2373545},
}

@article {ClemensNotFinitelyGenerated,
    AUTHOR = {Clemens, Herbert},
     TITLE = {Homological equivalence, modulo algebraic equivalence, is not
              finitely generated},
   JOURNAL = {Inst. Hautes \'{E}tudes Sci. Publ. Math.},
  FJOURNAL = {Institut des Hautes \'{E}tudes Scientifiques. Publications
              Math\'{e}matiques},
    NUMBER = {58},
      YEAR = {1983},
     PAGES = {19--38 (1984)},
      ISSN = {0073-8301},
   MRCLASS = {14C10 (14K30)},
  MRNUMBER = {720930},
MRREVIEWER = {Steven M. Zucker},
       URL = {http://www.numdam.org/item?id=PMIHES_1983__58__19_0},
}


@article {ColliotTheleneVoisinIntegralHodge,
    AUTHOR = {Colliot-Th\'{e}l\`ene, Jean-Louis and Voisin, Claire},
     TITLE = {Cohomologie non ramifi\'{e}e et conjecture de {H}odge enti\`ere},
   JOURNAL = {Duke Math. J.},
  FJOURNAL = {Duke Mathematical Journal},
    VOLUME = {161},
      YEAR = {2012},
    NUMBER = {5},
     PAGES = {735--801},
      ISSN = {0012-7094},
   MRCLASS = {14F43 (14C30 14E05)},
  MRNUMBER = {2904092},
MRREVIEWER = {Christian Schnell},
       DOI = {10.1215/00127094-1548389},
       URL = {https://doi.org/10.1215/00127094-1548389},
}

@article {NicaiseShinderMotivic,
    AUTHOR = {Nicaise, Johannes and Shinder, Evgeny},
     TITLE = {The motivic nearby fiber and degeneration of stable
              rationality},
   JOURNAL = {Invent. Math.},
  FJOURNAL = {Inventiones Mathematicae},
    VOLUME = {217},
      YEAR = {2019},
    NUMBER = {2},
     PAGES = {377--413},
      ISSN = {0020-9910},
   MRCLASS = {14E08 (14C35)},
  MRNUMBER = {3987174},
MRREVIEWER = {Primo\v{z} Moravec},
       DOI = {10.1007/s00222-019-00869-2},
       URL = {https://doi.org/10.1007/s00222-019-00869-2},
}



@incollection {NicaiseOttemRefinement,
    AUTHOR = {Nicaise, Johannes and Ottem, John Christian},
     TITLE = {A refinement of the motivic volume, and specialization of
              birational types},
 BOOKTITLE = {Rationality of varieties},
    SERIES = {Progr. Math.},
    VOLUME = {342},
     PAGES = {291--322},
 PUBLISHER = {Birkh\"{a}user/Springer, Cham},
      YEAR = {2021},
   MRCLASS = {14C35 (14E18)},
  MRNUMBER = {4383702},
       DOI = {10.1007/978-3-030-75421-1\_11},
       URL = {https://doi.org/10.1007/978-3-030-75421-1_11},
}

@article {KontsevichTschinkelSpecialization,
    AUTHOR = {Kontsevich, Maxim and Tschinkel, Yuri},
     TITLE = {Specialization of birational types},
   JOURNAL = {Invent. Math.},
  FJOURNAL = {Inventiones Mathematicae},
    VOLUME = {217},
      YEAR = {2019},
    NUMBER = {2},
     PAGES = {415--432},
      ISSN = {0020-9910},
   MRCLASS = {14E08},
  MRNUMBER = {3987175},
MRREVIEWER = {Alex Massarenti},
       DOI = {10.1007/s00222-019-00870-9},
       URL = {https://doi.org/10.1007/s00222-019-00870-9},
}

@incollection {HPTThreeQuadrics,
    AUTHOR = {Hassett, Brendan and Pirutka, Alena and Tschinkel, Yuri},
     TITLE = {Intersections of three quadrics in {$\Bbb P^7$}},
 BOOKTITLE = {Surveys in differential geometry 2017. {C}elebrating the 50th
              anniversary of the {J}ournal of {D}ifferential {G}eometry},
    SERIES = {Surv. Differ. Geom.},
    VOLUME = {22},
     PAGES = {259--274},
 PUBLISHER = {Int. Press, Somerville, MA},
      YEAR = {2018},
   MRCLASS = {14E08 (14M10)},
  MRNUMBER = {3838120},
MRREVIEWER = {Andrea Fanelli},
}

@article{ColliotThelenePirutkaCyclicCovers,
	doi = {10.1070/im8429},
	url = {https://doi.org/10.1070/im8429},
	year = 2016,
	publisher = {{IOP} Publishing},
	volume = 80,
	number = 4,
	pages = {665--677},
	author = {Colliot-Th\'{e}l\`ene, Jean-Louis and Pirutka, Alena},
	title = {Cyclic covers that are not stably rational},
	journal = {Izvestiya: Mathematics},
}

@incollection {SchreiederCyclesAndRationality,
    AUTHOR = {Schreieder, Stefan},
     TITLE = {Unramified cohomology, algebraic cycles and rationality},
 BOOKTITLE = {Rationality of varieties},
    SERIES = {Progr. Math.},
    VOLUME = {342},
     PAGES = {345--388},
 PUBLISHER = {Birkh\"{a}user/Springer, Cham},
      YEAR = {2021},
   MRCLASS = {14C25 (14E08)},
  MRNUMBER = {4383704},
       DOI = {10.1007/978-3-030-75421-1\_13},
       URL = {https://doi.org/10.1007/978-3-030-75421-1_13},
}

@book {KollarRationalCurves,
    AUTHOR = {Koll\'{a}r, J\'{a}nos},
     TITLE = {Rational curves on algebraic varieties},
    SERIES = {Ergebnisse der Mathematik und ihrer Grenzgebiete. 3. Folge. A
              Series of Modern Surveys in Mathematics [Results in
              Mathematics and Related Areas. 3rd Series. A Series of Modern
              Surveys in Mathematics]},
    VOLUME = {32},
 PUBLISHER = {Springer-Verlag, Berlin},
      YEAR = {1996},
     PAGES = {viii+320},
      ISBN = {3-540-60168-6},
   MRCLASS = {14-02 (14C05 14E05 14F17 14J45)},
  MRNUMBER = {1440180},
MRREVIEWER = {Yuri G. Prokhorov},
       DOI = {10.1007/978-3-662-03276-3},
       URL = {https://doi.org/10.1007/978-3-662-03276-3},
}
