@article {HMP,
    AUTHOR = {Harris, Joe and Mazur, Barry and Pandharipande, Rahul},
     TITLE = {Hypersurfaces of low degree},
   JOURNAL = {Duke Math. J.},
  FJOURNAL = {Duke Mathematical Journal},
    VOLUME = {95},
      YEAR = {1998},
    NUMBER = {1},
     PAGES = {125--160},
      ISSN = {0012-7094},
   MRCLASS = {14J70 (14M20 14N05)},
  MRNUMBER = {1646558},
MRREVIEWER = {Fyodor L. Zak},
       DOI = {10.1215/S0012-7094-98-09504-7},
       URL = {https://doi.org/10.1215/S0012-7094-98-09504-7},
}

@article {Predonzan,
    AUTHOR = {Predonzan, Arno},
     TITLE = {Sull'unirazionalit\`a della variet\`a intersezione completa di pi\`u
              forme},
   JOURNAL = {Rend. Sem. Mat. Univ. Padova},
  FJOURNAL = {Rendiconti del Seminario Matematico della Universit\`a di
              Padova. The Mathematical Journal of the University of Padova},
    VOLUME = {18},
      YEAR = {1949},
     PAGES = {163--176},
      ISSN = {0041-8994},
   MRCLASS = {14.0X},
  MRNUMBER = {33106},
MRREVIEWER = {B d'Orgeval},
       URL = {http://www.numdam.org/item?id=RSMUP_1949__18__163_0},
}

@article {BRHypersurface,
    AUTHOR = {Beheshti, Roya and Riedl, Eric},
     TITLE = {Linear subspaces of hypersurfaces},
   JOURNAL = {Duke Math. J.},
  FJOURNAL = {Duke Mathematical Journal},
    VOLUME = {170},
      YEAR = {2021},
    NUMBER = {10},
     PAGES = {2263--2288},
      ISSN = {0012-7094},
   MRCLASS = {14E08 (14H10)},
  MRNUMBER = {4291426},
       DOI = {10.1215/00127094-2021-0035},
       URL = {https://doi.org/10.1215/00127094-2021-0035},
}

@article {IM,
    AUTHOR = {Iskovskih, V. A. and Manin, Ju. I.},
     TITLE = {Three-dimensional quartics and counterexamples to the {L}\"{u}roth
              problem},
   JOURNAL = {Mat. Sb. (N.S.)},
    VOLUME = {86(128)},
      YEAR = {1971},
     PAGES = {140--166},
   MRCLASS = {14J15},
  MRNUMBER = {0291172},
MRREVIEWER = {Peter Bruckmann},
}

@article {CG,
    AUTHOR = {Clemens, C. Herbert and Griffiths, Phillip A.},
     TITLE = {The intermediate {J}acobian of the cubic threefold},
   JOURNAL = {Ann. of Math. (2)},
  FJOURNAL = {Annals of Mathematics. Second Series},
    VOLUME = {95},
      YEAR = {1972},
     PAGES = {281--356},
      ISSN = {0003-486X},
   MRCLASS = {14J10 (14G13 14J05 14K20 14M20 14N99)},
  MRNUMBER = {302652},
MRREVIEWER = {H. Popp},
       DOI = {10.2307/1970801},
       URL = {https://doi.org/10.2307/1970801},
}

@article{PS,
  title={Unirationality of the general complete intersection of small multidegree},
  author={Paranjape, Kapil H and Srinivas, V},
  journal={Ast{\'e}risque},
  number={211},
  pages={241--248},
  year={1992},
  publisher={SOC MATHEMATIQUE FRANCE INSTITUT HENRI POINCARE, 11 RUE PIERRE MARIE CURIE~â€¦}
}

@article {Beauville,
    AUTHOR = {Beauville, Arnaud},
     TITLE = {Vari\'{e}t\'{e}s de {P}rym et jacobiennes interm\'{e}diaires},
   JOURNAL = {Ann. Sci. \'{E}cole Norm. Sup. (4)},
  FJOURNAL = {Annales Scientifiques de l'\'{E}cole Normale Sup\'{e}rieure. Quatri\`eme
              S\'{e}rie},
    VOLUME = {10},
      YEAR = {1977},
    NUMBER = {3},
     PAGES = {309--391},
      ISSN = {0012-9593},
   MRCLASS = {14K30 (14C30 14J99 14M20)},
  MRNUMBER = {472843},
MRREVIEWER = {T. Oda},
       URL = {http://www.numdam.org/item?id=ASENS_1977_4_10_3_309_0},
}
